@article{parr2014adaptive,
  title={Adaptive LL (*) parsing: the power of dynamic analysis},
  author={Parr, Terence and Harwell, Sam and Fisher, Kathleen},
  journal={ACM SIGPLAN Notices},
  volume={49},
  number={10},
  pages={579--598},
  year={2014},
  publisher={ACM New York, NY, USA}
}

@book{parr2013definitive,
  title={The definitive ANTLR 4 reference},
  author={Parr, Terence},
  year={2013},
  publisher={Pragmatic Bookshelf}
}
